@article{en1,
   author = {Neal Parikh and Stephen Boyd},
   title = {{Proximal Algorithms}},
   journal = {Foundations and Trends in Optimization},
   volume = {1},
   number = {3},
   pages = {142-159},
   year = {2013},
   type = {Journal Article}
}

@article{en2,
   author = {Michael C. Grant and Stephen P. Boyd},
   title = {{The CVX Users’ Guide}},
  journal={CVX Research,},
  volume={1},
  number={3},
  pages={42–88},
  year={2020},
  publisher={CVX Research}
}

@article{en3,
   author = {C.Chen,B.He,Y.Ye and X.Yuan},
   title = {{the Direct Extension of ADMM for Multi-block Convex Minimization Problems is Not Necessarily Convergent}},
   journal = { Mathematical Programming},
   pages = {57-79},
   year = {2017},
}

@article{en4,
 title = {{MATLAB scripts for alternating direction method of multipliers}},
  author = {S. Boyd, N. Parikh, E. Chu, B. Peleato, and J. Eckstein},
 year = {2011}
  }